@article{shannon1948communication,
  author = {Author 1},
  title = {Title of Reference},
  journal = {Journal},
  year = 1948,
  volume = {27},
  number = {3},
  pages = {379-423},
}
